<?xml version="1.0" encoding="UTF-8"?><collection xmlns="http://www.loc.gov/MARC21/slim"><record><leader>00378nam--2200145-i-4500</leader><controlfield tag="001">000043176</controlfield><controlfield tag="002">20161230</controlfield><controlfield tag="005">20161230201043</controlfield><controlfield tag="008">060222s1000------------r-----000-0-eng-d</controlfield><datafield ind1=" " ind2=" " tag="080"><subfield code="a">621.382.3</subfield></datafield><datafield ind1=" " ind2=" " tag="100"><subfield code="a">Streng, Klaus K</subfield></datafield><datafield ind1=" " ind2=" " tag="245"><subfield code="a">Nf-verstarker mit transistoren</subfield></datafield><datafield ind1=" " ind2=" " tag="260"><subfield code="a">Berlin, Deutscher Militarverlag, 1967, 96p</subfield></datafield><datafield ind1=" " ind2=" " tag="490"><subfield code="a">Der Praktische Funkamateur</subfield></datafield><datafield ind1=" " ind2=" " tag="852"><subfield code="a">28183</subfield></datafield></record></collection>